<?xml version="1.0" encoding="UTF-8"?><collection xmlns="http://www.loc.gov/MARC21/slim"><record><leader>00575nam--2200133-i-4500</leader><controlfield tag="001">000020463</controlfield><controlfield tag="002">20161230</controlfield><controlfield tag="005">20161230201033</controlfield><controlfield tag="008">060222s1000------------r-----000-0-eng-d</controlfield><datafield ind1=" " ind2=" " tag="080"><subfield code="a">543.42(043)</subfield></datafield><datafield ind1=" " ind2=" " tag="100"><subfield code="a">Eberlein, Wolfgang</subfield></datafield><datafield ind1=" " ind2=" " tag="245"><subfield code="a">Die beeinflussung der optischen absorption von molekulen durch ein ausseres electrische feld. ubergangsmomentrichtungen und dipolmomente angeregter elektronenzustande in 1-nitro-3,5- -diamino-benzol,3,5-dinitro-anilin,fluorenon und einigen weitern verb</subfield></datafield><datafield ind1=" " ind2=" " tag="260"><subfield code="a">Wurtzburg, Julius-maximilians-universitat, 1964.  120 P</subfield></datafield><datafield ind1=" " ind2=" " tag="852"><subfield code="a">77054</subfield></datafield></record></collection>